
@online{db-engines_most_2023,
	title = {Most popular database management systems 2023},
	url = {https://www.statista.com/statistics/809750/worldwide-popularity-ranking-database-management-systems/},
	abstract = {As of February 2023, the most popular database management system ({DBMS}) in the world was Oracle, with a ranking score of 1247.52; {MySQL} and Microsoft {SQL} server rounded out the top three.},
	titleaddon = {Statista},
	author = {{DB}-Engines},
	urldate = {2023-08-08},
	date = {2023-02},
	langid = {english},
}

@book{vaisman_data_2022,
	location = {Berlin, Heidelberg},
	title = {Data Warehouse Systems: Design and Implementation},
	isbn = {978-3-662-65166-7 978-3-662-65167-4},
	url = {https://link.springer.com/10.1007/978-3-662-65167-4},
	series = {Data-Centric Systems and Applications},
	shorttitle = {Data Warehouse Systems},
	publisher = {Springer},
	author = {Vaisman, Alejandro and Zimányi, Esteban},
	urldate = {2023-08-08},
	date = {2022},
	langid = {english},
	doi = {10.1007/978-3-662-65167-4},
	keywords = {Neo4j, {NewSQL}, {NoSQL}, {OLAP}, Oracle {TimesTen}, {PostGIS}, {PostgreSQL}, {RDFS}, {SAP} {HANA}, {SPARQL}, Spark, business intelligence, conceptual modeling, data analytics, data warehouses, hadoop, in-memory databases, online analytical processing, spatial-temporal systems},
}

@incollection{shekhar_olap_2008,
	location = {Boston, {MA}},
	title = {{OLAP} Query},
	isbn = {978-0-387-35973-1},
	url = {https://doi.org/10.1007/978-0-387-35973-1_908},
	pages = {805--805},
	booktitle = {Encyclopedia of {GIS}},
	publisher = {Springer {US}},
	author = {Shekhar, Shashi and Xiong, Hui},
	editor = {Shekhar, Shashi and Xiong, Hui},
	urldate = {2023-08-08},
	date = {2008},
	langid = {english},
	doi = {10.1007/978-0-387-35973-1_908},
}

@incollection{chamoni_-line_2000,
	location = {Wiesbaden},
	title = {On-Line Analytical Processing ({OLAP})},
	isbn = {978-3-322-89533-2},
	url = {https://doi.org/10.1007/978-3-322-89533-2_9},
	abstract = {Die Erstellung leistungsfähiger Systeme zur Unterstützung des betrieblichen Managements ist seit mehr als dreißig Jahren zentrales Anliegen zahlreicher {DV}-Projekte. Aus unterschiedlichen Gründen konnten jedoch viele erfolgversprechende Ansätze nicht zum Abschluß gebracht werden oder haben zu unbefriedigenden Lösungen geführt. Insbesondere fehlten oftmals klare Vorstellungen über den tatsächlichen Unterstützungsbedarf des Managements.},
	pages = {333--376},
	booktitle = {Das Data Warehouse-Konzept: Architektur — Datenmodelle — Anwendungen},
	publisher = {Gabler Verlag},
	author = {Chamoni, Peter and Gluchowski, Peter},
	editor = {Mucksch, Harry and Behme, Wolfgang},
	urldate = {2023-08-08},
	date = {2000},
	langid = {german},
	doi = {10.1007/978-3-322-89533-2_9},
}

@article{chaudhuri_overview_1997,
	title = {An overview of data warehousing and {OLAP} technology},
	volume = {26},
	issn = {0163-5808},
	url = {https://dl.acm.org/doi/10.1145/248603.248616},
	doi = {10.1145/248603.248616},
	abstract = {Data warehousing and on-line analytical processing ({OLAP}) are essential elements of decision support, which has increasingly become a focus of the database industry. Many commercial products and services are now available, and all of the principal database management system vendors now have offerings in these areas. Decision support places some rather different requirements on database technology compared to traditional on-line transaction processing applications. This paper provides an overview of data warehousing and {OLAP} technologies, with an emphasis on their new requirements. We describe back end tools for extracting, cleaning and loading data into a data warehouse; multidimensional data models typical of {OLAP}; front end client tools for querying and data analysis; server extensions for efficient query processing; and tools for metadata management and for managing the warehouse. In addition to surveying the state of the art, this paper also identifies some promising research issues, some of which are related to problems that the database research community has worked on for years, but others are only just beginning to be addressed. This overview is based on a tutorial that the authors presented at the {VLDB} Conference, 1996.},
	pages = {65--74},
	number = {1},
	journaltitle = {{ACM} {SIGMOD} Record},
	shortjournal = {{SIGMOD} Rec.},
	author = {Chaudhuri, Surajit and Dayal, Umeshwar},
	urldate = {2023-08-08},
	date = {1997},
}

@book{kleppmann_datenintensive_2019,
	location = {Heidelberg},
	edition = {1. Auflage.},
	title = {Datenintensive Anwendungen designen  :  Konzepte für zuverlässige, skalierbare und wartbare Systeme},
	shorttitle = {Datenintensive Anwendungen designen},
	publisher = {dpunkt.verlag},
	author = {Kleppmann, Martin},
	date = {2019},
}

@book{noauthor_cover_nodate,
	title = {Cover},
	isbn = {978-1-4920-7015-3},
	url = {https://learning.oreilly.com/library/view/datenintensive-anwendungen-designen/9781492070153/xhtml/Cover_9783960101840.xhtml},
	urldate = {2023-08-08},
	langid = {english},
}

@incollection{sakr_olap_2019,
	location = {Cham},
	title = {{OLAP} Benchmarks},
	isbn = {978-3-319-77525-8},
	url = {https://doi.org/10.1007/978-3-319-77525-8_100235},
	pages = {1199--1199},
	booktitle = {Encyclopedia of Big Data Technologies},
	publisher = {Springer International Publishing},
	editor = {Sakr, Sherif and Zomaya, Albert Y.},
	urldate = {2023-08-08},
	date = {2019},
	langid = {english},
	doi = {10.1007/978-3-319-77525-8_100235},
}

@incollection{liu_olap_2009,
	location = {Boston, {MA}},
	title = {{OLAP}},
	isbn = {978-0-387-39940-9},
	url = {https://doi.org/10.1007/978-0-387-39940-9_3191},
	pages = {1947--1947},
	booktitle = {Encyclopedia of Database Systems},
	publisher = {Springer {US}},
	editor = {{LIU}, {LING} and Ö{ZSU}, M. {TAMER}},
	urldate = {2023-08-08},
	date = {2009},
	langid = {english},
	doi = {10.1007/978-0-387-39940-9_3191},
}

@article{oneil_star_2009,
	title = {Star Schema Benchmark},
	url = {https://www.cs.umb.edu/~poneil/StarSchemaB.PDF},
	author = {O'Neil, Pat and O'Neil, Betty and Chen, Xuedong},
	urldate = {2023-08-04},
	date = {2009-06-05},
}
